@Manual{R-ape,
  title = {ape: Analyses of Phylogenetics and Evolution},
  author = {Emmanuel Paradis and Simon Blomberg and Ben Bolker and Joseph Brown and Santiago Claramunt and Julien Claude and Hoa Sien Cuong and Richard Desper and Gilles Didier and Benoit Durand and Julien Dutheil and RJ Ewing and Olivier Gascuel and Thomas Guillerme and Christoph Heibl and Anthony Ives and Bradley Jones and Franz Krah and Daniel Lawson and Vincent Lefort and Pierre Legendre and Jim Lemon and Guillaume Louvel and Eric Marcon and Rosemary McCloskey and Johan Nylander and Rainer Opgen-Rhein and Andrei-Alin Popescu and Manuela Royer-Carenzi and Klaus Schliep and Korbinian Strimmer and Damien {de Vienne}},
  year = {2022},
  note = {R package version 5.6-2},
  url = {http://ape-package.ird.fr/},
}

@Manual{R-arules,
  title = {arules: Mining Association Rules and Frequent Itemsets},
  author = {Michael Hahsler and Christian Buchta and Bettina Gruen and Kurt Hornik},
  year = {2022},
  note = {R package version 1.7-5},
  url = {https://github.com/mhahsler/arules},
}

@Manual{R-base,
  title = {R: A Language and Environment for Statistical Computing},
  author = {{R Core Team}},
  organization = {R Foundation for Statistical Computing},
  address = {Vienna, Austria},
  year = {2021},
  url = {https://www.R-project.org/},
}

@Manual{R-BiocGenerics,
  title = {BiocGenerics: S4 generic functions used in Bioconductor},
  author = {The Bioconductor Dev Team},
  year = {2021},
  note = {R package version 0.38.0},
  url = {https://bioconductor.org/packages/BiocGenerics},
}

@Manual{R-BiocStyle,
  title = {BiocStyle: Standard styles for vignettes and other Bioconductor documents},
  author = {Andrzej Oles},
  year = {2021},
  note = {R package version 2.20.2},
  url = {https://github.com/Bioconductor/BiocStyle},
}

@Manual{R-Biostrings,
  title = {Biostrings: Efficient manipulation of biological strings},
  author = {H. Pagès and P. Aboyoun and R. Gentleman and S. DebRoy},
  year = {2021},
  note = {R package version 2.60.1},
  url = {https://bioconductor.org/packages/Biostrings},
}

@Manual{R-bookdown,
  title = {bookdown: Authoring Books and Technical Documents with R Markdown},
  author = {Yihui Xie},
  year = {2022},
  note = {R package version 0.30},
  url = {https://CRAN.R-project.org/package=bookdown},
}

@Manual{R-btools,
  title = {btools: A suite of R function for all types of microbial diversity
analyses},
  author = {Thomas Battaglia},
  year = {2022},
  note = {R package version 0.0.1},
}

@Manual{R-cba,
  title = {cba: Clustering for Business Analytics},
  author = {Christian Buchta and Michael Hahsler},
  year = {2022},
  note = {R package version 0.2-22},
  url = {https://CRAN.R-project.org/package=cba},
}

@Manual{R-cowplot,
  title = {cowplot: Streamlined Plot Theme and Plot Annotations for ggplot2},
  author = {Claus O. Wilke},
  year = {2020},
  note = {R package version 1.1.1},
  url = {https://wilkelab.org/cowplot/},
}

@Manual{R-dada2,
  title = {dada2: Accurate, high-resolution sample inference from amplicon
sequencing data},
  author = {Benjamin Callahan and Paul McMurdie and Susan Holmes},
  year = {2021},
  note = {R package version 1.20.0},
  url = {http://benjjneb.github.io/dada2/},
}

@Manual{R-data.table,
  title = {data.table: Extension of `data.frame`},
  author = {Matt Dowle and Arun Srinivasan},
  year = {2021},
  note = {R package version 1.14.2},
  url = {https://CRAN.R-project.org/package=data.table},
}

@Manual{R-DECIPHER,
  title = {DECIPHER: Tools for curating, analyzing, and manipulating biological
sequences},
  author = {Erik Wright},
  year = {2021},
  note = {R package version 2.20.0},
}

@Manual{R-doParallel,
  title = {doParallel: Foreach Parallel Adaptor for the parallel Package},
  author = {Microsoft Corporation and Steve Weston},
  year = {2022},
  note = {R package version 1.0.17},
  url = {https://github.com/RevolutionAnalytics/doparallel},
}

@Manual{R-dplyr,
  title = {dplyr: A Grammar of Data Manipulation},
  author = {Hadley Wickham and Romain François and Lionel Henry and Kirill Müller},
  year = {2022},
  note = {R package version 1.0.10},
  url = {https://CRAN.R-project.org/package=dplyr},
}

@Manual{R-DT,
  title = {DT: A Wrapper of the JavaScript Library DataTables},
  author = {Yihui Xie and Joe Cheng and Xianying Tan},
  year = {2022},
  note = {R package version 0.26},
  url = {https://github.com/rstudio/DT},
}

@Manual{R-dunn.test,
  title = {dunn.test: Dunn's Test of Multiple Comparisons Using Rank Sums},
  author = {Alexis Dinno},
  year = {2017},
  note = {R package version 1.3.5},
  url = {https://CRAN.R-project.org/package=dunn.test},
}

@Manual{R-excelR,
  title = {excelR: A Wrapper of the JavaScript Library jExcel},
  author = {Swechhya Bista},
  year = {2020},
  note = {R package version 0.4.0},
  url = {https://github.com/Swechhya/excelR},
}

@Manual{R-flextable,
  title = {flextable: Functions for Tabular Reporting},
  author = {David Gohel and Panagiotis Skintzos},
  year = {2022},
  note = {R package version 0.8.3},
  url = {https://CRAN.R-project.org/package=flextable},
}

@Manual{R-forcats,
  title = {forcats: Tools for Working with Categorical Variables (Factors)},
  author = {Hadley Wickham},
  year = {2022},
  note = {R package version 0.5.2},
  url = {https://CRAN.R-project.org/package=forcats},
}

@Manual{R-foreach,
  title = {foreach: Provides Foreach Looping Construct},
  author = {{Revolution Analytics} and Steve Weston}},
  year = {2022},
  note = {R package version 1.5.2},
  url = {https://github.com/RevolutionAnalytics/foreach},
}

@Manual{R-GenomeInfoDb,
  title = {GenomeInfoDb: Utilities for manipulating chromosome names, including modifying
them to follow a particular naming style},
  author = {Sonali Arora and Martin Morgan and Marc Carlson and H. Pagès},
  year = {2021},
  note = {R package version 1.28.4},
  url = {https://bioconductor.org/packages/GenomeInfoDb},
}

@Manual{R-ggdendro,
  title = {ggdendro: Create Dendrograms and Tree Diagrams Using ggplot2},
  author = {Andrie {de Vries} and Brian D. Ripley},
  year = {2022},
  note = {R package version 0.1.23},
  url = {https://github.com/andrie/ggdendro},
}

@Manual{R-ggordiplots,
  title = {ggordiplots: Make ggplot Versions of Vegan's Ordiplots},
  author = {John Quensen},
  year = {2021},
  note = {R package version 0.4.1},
  url = {http://github.com/jfq3/ggordiplots},
}

@Manual{R-ggplot2,
  title = {ggplot2: Create Elegant Data Visualisations Using the Grammar of Graphics},
  author = {Hadley Wickham and Winston Chang and Lionel Henry and Thomas Lin Pedersen and Kohske Takahashi and Claus Wilke and Kara Woo and Hiroaki Yutani and Dewey Dunnington},
  year = {2022},
  note = {R package version 3.4.0},
  url = {https://CRAN.R-project.org/package=ggplot2},
}

@Manual{R-ggplotify,
  title = {ggplotify: Convert Plot to grob or ggplot Object},
  author = {Guangchuang Yu},
  year = {2021},
  note = {R package version 0.1.0},
  url = {https://github.com/GuangchuangYu/ggplotify},
}

@Manual{R-glue,
  title = {glue: Interpreted String Literals},
  author = {Jim Hester and Jennifer Bryan},
  year = {2022},
  note = {R package version 1.6.2},
  url = {https://CRAN.R-project.org/package=glue},
}

@Manual{R-gmodels,
  title = {gmodels: Various R Programming Tools for Model Fitting},
  author = {Gregory R. Warnes andBen Bolker and Thomas Lumley and Randall C Johnson and Randall C. Johnson},
  year = {2022},
  note = {R package version 2.18.1.1},
  url = {https://CRAN.R-project.org/package=gmodels},
}

@Manual{R-gridExtra,
  title = {gridExtra: Miscellaneous Functions for "Grid" Graphics},
  author = {Baptiste Auguie},
  year = {2017},
  note = {R package version 2.3},
  url = {https://CRAN.R-project.org/package=gridExtra},
}

@Manual{R-gtools,
  title = {gtools: Various R Programming Tools},
  author = {Ben Bolker and Gregory R. Warnes and Thomas Lumley},
  year = {2022},
  note = {R package version 3.9.3},
  url = {https://github.com/r-gregmisc/gtools},
}

@Manual{R-GUniFrac,
  title = {GUniFrac: Generalized UniFrac Distances, Distance-Based Multivariate
Methods and Feature-Based Univariate Methods for Microbiome
Data Analysis},
  author = {Jun Chen and Xianyang Zhang and Lu Yang},
  year = {2022},
  note = {R package version 1.7},
  url = {https://CRAN.R-project.org/package=GUniFrac},
}

@Manual{R-indicspecies,
  title = {indicspecies: Relationship Between Species and Groups of Sites},
  author = {Miquel {De Cáceres} and Florian Jansen and Noah Dell},
  year = {2022},
  note = {R package version 1.7.12},
  url = {https://emf-creaf.github.io/indicspecies/},
}

@Manual{R-iNEXT,
  title = {iNEXT: Interpolation and Extrapolation for Species Diversity},
  author = {T. C. Hsieh and K. H. Ma and Anne Chao},
  year = {2022},
  note = {R package version 3.0.0},
  url = {http://chao.stat.nthu.edu.tw/wordpress/software_download/},
}

@Manual{R-IRanges,
  title = {IRanges: Foundation of integer range manipulation in Bioconductor},
  author = {H. Pagès and P. Aboyoun and M. Lawrence},
  year = {2021},
  note = {R package version 2.26.0},
  url = {https://bioconductor.org/packages/IRanges},
}

@Manual{R-iterators,
  title = {iterators: Provides Iterator Construct},
  author = {Revolution Analytics and Steve Weston},
  year = {2022},
  note = {R package version 1.0.14},
  url = {https://github.com/RevolutionAnalytics/iterators},
}

@Manual{R-kableExtra,
  title = {kableExtra: Construct Complex Table with kable and Pipe Syntax},
  author = {Hao Zhu},
  year = {2021},
  note = {R package version 1.3.4},
  url = {https://CRAN.R-project.org/package=kableExtra},
}

@Manual{R-kmer,
  title = {kmer: Fast K-Mer Counting and Clustering for Biological Sequence
Analysis},
  author = {Shaun Wilkinson},
  year = {2019},
  note = {R package version 1.1.2},
  url = {http://github.com/shaunpwilkinson/kmer},
}

@Manual{R-lattice,
  title = {lattice: Trellis Graphics for R},
  author = {Deepayan Sarkar},
  year = {2021},
  note = {R package version 0.20-45},
  url = {http://lattice.r-forge.r-project.org/},
}

@Manual{R-logger,
  title = {logger: A Lightweight, Modern and Flexible Logging Utility},
  author = {Gergely Daróczi},
  year = {2021},
  note = {R package version 0.2.2},
  url = {https://daroczig.github.io/logger/},
}

@Manual{R-magrittr,
  title = {magrittr: A Forward-Pipe Operator for R},
  author = {Stefan Milton Bache and Hadley Wickham},
  year = {2022},
  note = {R package version 2.0.3},
  url = {https://CRAN.R-project.org/package=magrittr},
}

@Manual{R-Matrix,
  title = {Matrix: Sparse and Dense Matrix Classes and Methods},
  author = {Douglas Bates and Martin Maechler and Mikael Jagan},
  year = {2022},
  note = {R package version 1.5-1},
  url = {https://CRAN.R-project.org/package=Matrix},
}

@Manual{R-metagMisc,
  title = {metagMisc: Miscellaneous functions for metagenomic analysis},
  author = {Vladimir Mikryukov},
  note = {R package version 0.0.4},
  year = {2022},
}

@Manual{R-officer,
  title = {officer: Manipulation of Microsoft Word and PowerPoint Documents},
  author = {David Gohel},
  year = {2022},
  note = {R package version 0.4.4},
  url = {https://CRAN.R-project.org/package=officer},
}

@Manual{R-openxlsx,
  title = {openxlsx: Read, Write and Edit xlsx Files},
  author = {Philipp Schauberger and Alexander Walker},
  year = {2022},
  note = {R package version 4.2.5.1},
  url = {https://CRAN.R-project.org/package=openxlsx},
}

@Manual{R-permute,
  title = {permute: Functions for Generating Restricted Permutations of Data},
  author = {Gavin L. Simpson},
  year = {2022},
  note = {R package version 0.9-7},
  url = {https://github.com/gavinsimpson/permute},
}

@Manual{R-phangorn,
  title = {phangorn: Phylogenetic Reconstruction and Analysis},
  author = {Klaus Schliep and Emmanuel Paradis and Leonardo {de Oliveira Martins} and Alastair Potts and Tim W. White},
  year = {2022},
  note = {R package version 2.10.0},
  url = {https://CRAN.R-project.org/package=phangorn},
}

@Manual{R-philentropy,
  title = {philentropy: Similarity and Distance Quantification Between Probability
Functions},
  author = {Hajk-Georg Drost},
  year = {2022},
  note = {R package version 0.7.0},
  url = {https://github.com/drostlab/philentropy},
}

@Manual{R-phyloseq,
  title = {phyloseq: Handling and analysis of high-throughput microbiome census data},
  author = {Paul J. McMurdie and Susan Holmes and with contributions from Gregory Jordan and Scott Chamberlain},
  year = {2021},
  note = {R package version 1.36.0},
  url = {http://dx.plos.org/10.1371/journal.pone.0061217},
}

@Manual{R-phyloseqCompanion,
  title = {phyloseqCompanion: Provides additional functions to work with phyloseq objects},
  author = {Keaton Stagaman},
  year = {2022},
  note = {R package version 1.1},
}

@Manual{R-plotly,
  title = {plotly: Create Interactive Web Graphics via plotly.js},
  author = {Carson Sievert and Chris Parmer and Toby Hocking and Scott Chamberlain and Karthik Ram and Marianne Corvellec and Pedro Despouy},
  year = {2022},
  note = {R package version 4.10.1},
  url = {https://CRAN.R-project.org/package=plotly},
}

@Manual{R-plyr,
  title = {plyr: Tools for Splitting, Applying and Combining Data},
  author = {Hadley Wickham},
  year = {2022},
  note = {R package version 1.8.7},
  url = {https://CRAN.R-project.org/package=plyr},
}

@Manual{R-proxy,
  title = {proxy: Distance and Similarity Measures},
  author = {David Meyer and Christian Buchta},
  year = {2022},
  note = {R package version 0.4-27},
  url = {https://CRAN.R-project.org/package=proxy},
}

@Manual{R-purrr,
  title = {purrr: Functional Programming Tools},
  author = {Lionel Henry and Hadley Wickham},
  year = {2022},
  note = {R package version 0.3.5},
  url = {https://CRAN.R-project.org/package=purrr},
}

@Manual{R-qiime2R,
  title = {qiime2R: qiime2R},
  author = {Jordan Bisanz},
  note = {R package version 0.99.6},
  year = {2022},
}

@Manual{R-RColorBrewer,
  title = {RColorBrewer: ColorBrewer Palettes},
  author = {Erich Neuwirth},
  year = {2022},
  note = {R package version 1.1-3},
  url = {https://CRAN.R-project.org/package=RColorBrewer},
}

@Manual{R-Rcpp,
  title = {Rcpp: Seamless R and C++ Integration},
  author = {Dirk Eddelbuettel and Romain Francois and JJ Allaire and Kevin Ushey and Qiang Kou and Nathan Russell and Inaki Ucar and Douglas Bates and John Chambers},
  year = {2022},
  note = {R package version 1.0.9},
  url = {https://CRAN.R-project.org/package=Rcpp},
}

@Manual{R-readr,
  title = {readr: Read Rectangular Text Data},
  author = {Hadley Wickham and Jim Hester and Jennifer Bryan},
  year = {2022},
  note = {R package version 2.1.3},
  url = {https://CRAN.R-project.org/package=readr},
}

@Manual{R-reshape2,
  title = {reshape2: Flexibly Reshape Data: A Reboot of the Reshape Package},
  author = {Hadley Wickham},
  year = {2020},
  note = {R package version 1.4.4},
  url = {https://github.com/hadley/reshape},
}

@Manual{R-rlang,
  title = {rlang: Functions for Base Types and Core R and Tidyverse Features},
  author = {Lionel Henry and Hadley Wickham},
  year = {2022},
  note = {R package version 1.0.6},
  url = {https://CRAN.R-project.org/package=rlang},
}

@Manual{R-rmarkdown,
  title = {rmarkdown: Dynamic Documents for R},
  author = {JJ Allaire and Yihui Xie and Jonathan McPherson and Javier Luraschi and Kevin Ushey and Aron Atkins and Hadley Wickham and Joe Cheng and Winston Chang and Richard Iannone},
  year = {2022},
  note = {R package version 2.18},
  url = {https://CRAN.R-project.org/package=rmarkdown},
}

@Manual{R-RSQLite,
  title = {RSQLite: SQLite Interface for R},
  author = {Kirill Müller and Hadley Wickham and David A. James and Seth Falcon},
  year = {2022},
  note = {R package version 2.2.18},
  url = {https://CRAN.R-project.org/package=RSQLite},
}

@Manual{R-Rtsne,
  title = {Rtsne: T-Distributed Stochastic Neighbor Embedding using a Barnes-Hut
Implementation},
  author = {Jesse Krijthe},
  year = {2022},
  note = {R package version 0.16},
  url = {https://github.com/jkrijthe/Rtsne},
}

@Manual{R-S4Vectors,
  title = {S4Vectors: Foundation of vector-like and list-like containers in
Bioconductor},
  author = {H. Pagès and M. Lawrence and P. Aboyoun},
  year = {2021},
  note = {R package version 0.30.0},
  url = {https://bioconductor.org/packages/S4Vectors},
}

@Manual{R-sangeranalyseR,
  title = {sangeranalyseR: a suite of functions for the analysis of Sanger
sequence data in R},
  author = {Rob Lanfear and Kuan-Hao Chao},
  year = {2021},
  note = {R package version 1.2.0},
}

@Manual{R-sangerseqR,
  title = {sangerseqR: Tools for Sanger Sequencing Data in R},
  author = {Jonathon T. Hill and Bradley Demarest},
  year = {2021},
  note = {R package version 1.28.0},
}

@Manual{R-seqinr,
  title = {seqinr: Biological Sequences Retrieval and Analysis},
  author = {Delphine Charif and Jean R. Lobry},
  year = {2022},
  note = {R package version 4.2-16},
  url = {https://seqinr.r-forge.r-project.org/},
}

@Manual{R-shiny,
  title = {shiny: Web Application Framework for R},
  author = {Winston Chang and Joe Cheng and JJ Allaire and Carson Sievert and Barret Schloerke and Yihui Xie and Jeff Allen and Jonathan McPherson and Alan Dipert and Barbara Borges},
  year = {2022},
  note = {R package version 1.7.3},
  url = {https://shiny.rstudio.com/},
}

@Manual{R-shinycssloaders,
  title = {shinycssloaders: Add Loading Animations to a shiny Output While It's
Recalculating},
  author = {Andras Sali and Dean Attali},
  year = {2020},
  note = {R package version 1.0.0},
  url = {https://github.com/daattali/shinycssloaders},
}

@Manual{R-shinydashboard,
  title = {shinydashboard: Create Dashboards with Shiny},
  author = {Winston Chang and Barbara {Borges Ribeiro}},
  year = {2021},
  note = {R package version 0.7.2},
  url = {http://rstudio.github.io/shinydashboard/},
}

@Manual{R-shinyjs,
  title = {shinyjs: Easily Improve the User Experience of Your Shiny Apps in Seconds},
  author = {Dean Attali},
  year = {2021},
  note = {R package version 2.1.0},
  url = {https://deanattali.com/shinyjs/},
}

@Manual{R-shinyWidgets,
  title = {shinyWidgets: Custom Inputs Widgets for Shiny},
  author = {Victor Perrier and Fanny Meyer and David Granjon},
  year = {2022},
  note = {R package version 0.7.4},
  url = {https://CRAN.R-project.org/package=shinyWidgets},
}

@Manual{R-stringr,
  title = {stringr: Simple, Consistent Wrappers for Common String Operations},
  author = {Hadley Wickham},
  year = {2022},
  note = {R package version 1.4.1},
  url = {https://CRAN.R-project.org/package=stringr},
}

@Manual{R-tibble,
  title = {tibble: Simple Data Frames},
  author = {Kirill Müller and Hadley Wickham},
  year = {2022},
  note = {R package version 3.1.8},
  url = {https://CRAN.R-project.org/package=tibble},
}

@Manual{R-tidyr,
  title = {tidyr: Tidy Messy Data},
  author = {Hadley Wickham and Maximilian Girlich},
  year = {2022},
  note = {R package version 1.2.1},
  url = {https://CRAN.R-project.org/package=tidyr},
}

@Manual{R-tidyverse,
  title = {tidyverse: Easily Install and Load the Tidyverse},
  author = {Hadley Wickham},
  year = {2022},
  note = {R package version 1.3.2},
  url = {https://CRAN.R-project.org/package=tidyverse},
}

@Manual{R-vegan,
  title = {vegan: Community Ecology Package},
  author = {Jari Oksanen and Gavin L. Simpson and F. Guillaume Blanchet and Roeland Kindt and Pierre Legendre and Peter R. Minchin and R.B. O'Hara and Peter Solymos and M. Henry H. Stevens and Eduard Szoecs and Helene Wagner and Matt Barbour and Michael Bedward and Ben Bolker and Daniel Borcard and Gustavo Carvalho and Michael Chirico and Miquel {De Caceres} and Sebastien Durand and Heloisa Beatriz Antoniazi Evangelista and Rich FitzJohn and Michael Friendly and Brendan Furneaux and Geoffrey Hannigan and Mark O. Hill and Leo Lahti and Dan McGlinn and Marie-Helene Ouellette and Eduardo {Ribeiro Cunha} and Tyler Smith and Adrian Stier and Cajo J.F. {Ter Braak} and James Weedon},
  year = {2022},
  note = {R package version 2.6-4},
  url = {https://github.com/vegandevs/vegan},
}

@Manual{R-XVector,
  title = {XVector: Foundation of external vector representation and manipulation in
Bioconductor},
  author = {Hervé Pagès and Patrick Aboyoun},
  year = {2021},
  note = {R package version 0.32.0},
  url = {https://bioconductor.org/packages/XVector},
}

@Manual{R-zeallot,
  title = {zeallot: Multiple, Unpacking, and Destructuring Assignment},
  author = {Nathan Teetor},
  year = {2018},
  note = {R package version 0.1.0},
  url = {https://github.com/nteetor/zeallot},
}

@Article{ape2019,
  title = {ape 5.0: an environment for modern phylogenetics and evolutionary analyses in {R}},
  author = {E. Paradis and K. Schliep},
  journal = {Bioinformatics},
  year = {2019},
  volume = {35},
  pages = {526-528},
}

@Article{arules2005,
  title = {arules -- {A} Computational Environment for Mining Association Rules and Frequent Item Sets},
  author = {Michael Hahsler and Bettina Gruen and Kurt Hornik},
  year = {2005},
  journal = {Journal of Statistical Software},
  volume = {14},
  number = {15},
  pages = {1--25},
  doi = {10.18637/jss.v014.i15},
  month = {October},
  issn = {1548-7660},
}

@Article{arules2011,
  title = {The arules R-Package Ecosystem: Analyzing Interesting Patterns from Large Transaction Datasets},
  author = {Michael Hahsler and Sudheer Chelluboina and Kurt Hornik and Christian Buchta},
  year = {2011},
  journal = {Journal of Machine Learning Research},
  volume = {12},
  pages = {1977--1981},
  url = {https://jmlr.csail.mit.edu/papers/v12/hahsler11a.html},
}

@Article{BiocGenerics2015,
  author = {{Huber} and {W.} and {Carey} and V. J. and {Gentleman} and {R.} and {Anders} and {S.} and {Carlson} and {M.} and {Carvalho} and B. S. and {Bravo} and H. C. and {Davis} and {S.} and {Gatto} and {L.} and {Girke} and {T.} and {Gottardo} and {R.} and {Hahne} and {F.} and {Hansen} and K. D. and {Irizarry} and R. A. and {Lawrence} and {M.} and {Love} and M. I. and {MacDonald} and {J.} and {Obenchain} and {V.} and {{Ole's}} and A. K. and {{Pag`es}} and {H.} and {Reyes} and {A.} and {Shannon} and {P.} and {Smyth} and G. K. and {Tenenbaum} and {D.} and {Waldron} and {L.} and {Morgan} and {M.}},
  title = {{O}rchestrating high-throughput genomic analysis with {B}ioconductor},
  journal = {Nature Methods},
  year = {2015},
  volume = {12},
  number = {2},
  pages = {115--121},
  url = {http://www.nature.com/nmeth/journal/v12/n2/full/nmeth.3252.html},
}

@Book{bookdown2016,
  title = {bookdown: Authoring Books and Technical Documents with {R} Markdown},
  author = {Yihui Xie},
  publisher = {Chapman and Hall/CRC},
  address = {Boca Raton, Florida},
  year = {2016},
  note = {ISBN 978-1138700109},
  url = {https://bookdown.org/yihui/bookdown},
}

@Article{dada22016,
  title = {DADA2: High-resolution sample inference from Illumina amplicon data},
  author = {Benjamin J Callahan and Paul J McMurdie and Michael J Rosen and Andrew W Han and Amy Jo A Johnson and Susan P Holmes},
  journal = {Nature Methods},
  volume = {13},
  pages = {581-583},
  year = {2016},
  doi = {10.1038/nmeth.3869},
}

@Article{DECIPHER2016,
  title = {Using DECIPHER v2.0 to Analyze Big Biological Sequence Data in R},
  author = {Erik S. Wright},
  journal = {The R Journal},
  year = {2016},
  volume = {8},
  number = {1},
  pages = {352-359},
}

@Book{ggplot22016,
  author = {Hadley Wickham},
  title = {ggplot2: Elegant Graphics for Data Analysis},
  publisher = {Springer-Verlag New York},
  year = {2016},
  isbn = {978-3-319-24277-4},
  url = {https://ggplot2.tidyverse.org},
}

@Manual{indicspecies2009,
  title = {Associations between species and groups of sites: indices and statistical inference},
  author = {Miquel {De Caceres} and Pierre Legendre},
  journal = {Ecology},
  year = {2009},
  url = {http://sites.google.com/site/miqueldecaceres/},
}

@Article{iNEXT2014,
  title = {Rarefaction and extrapolation with Hill numbers: a framework for sampling and estimation in species diversity studies},
  author = {Anne Chao and Nicholas J. Gotelli and T. C. Hsieh and Elizabeth L. Sande and K. H. Ma and Robert K. Colwell and Aaron M. Ellison},
  journal = {Ecological Monographs},
  year = {2014},
  volume = {84},
  pages = {45--67},
}

@Article{IRanges2013,
  title = {Software for Computing and Annotating Genomic Ranges},
  author = {Michael Lawrence and Wolfgang Huber and Herv\'e Pag\`es and Patrick Aboyoun and Marc Carlson and Robert Gentleman and Martin Morgan and Vincent Carey},
  year = {2013},
  journal = {{PLoS} Computational Biology},
  volume = {9},
  issue = {8},
  doi = {10.1371/journal.pcbi.1003118},
  url = {http://www.ploscompbiol.org/article/info%3Adoi%2F10.1371%2Fjournal.pcbi.1003118},
}

@Manual{kmer2018,
  title = {kmer: an R package for fast alignment-free clustering of biological sequences},
  author = {Shaun Wilkinson},
  url = {https://cran.r-project.org/package=kmer},
  year = {2018},
  doi = {10.5281/zenodo.1227690},
}

@Book{lattice2008,
  title = {Lattice: Multivariate Data Visualization with R},
  author = {Deepayan Sarkar},
  publisher = {Springer},
  address = {New York},
  year = {2008},
  note = {ISBN 978-0-387-75968-5},
  url = {http://lmdvr.r-forge.r-project.org},
}

@Article{phangorn2011,
  title = {phangorn: phylogenetic analysis in R},
  author = {K.P. Schliep},
  journal = {Bioinformatics},
  year = {2011},
  volume = {27},
  number = {4},
  pages = {592--593},
  doi = {10.1093/bioinformatics/btq706},
}

@Article{phangorn2017,
  author = {{Schliep} and {Klaus} and {Potts} and Alastair J. and {Morrison} and David A. and {Grimm} and Guido W.},
  title = {Intertwining phylogenetic trees and networks},
  journal = {Methods in Ecology and Evolution},
  volume = {8},
  number = {10},
  pages = {1212--1220},
  keywords = {exploratory data analysis, networks, phangorn, R, trees},
  year = {2017},
}

@Article{philentropy2018,
  title = {Philentropy: Information Theory and Distance Quantification with R},
  author = {Drost HG},
  journal = {Journal of Open Source Software},
  year = {2018},
  volume = {3},
  number = {26},
  pages = {765},
  url = {https://joss.theoj.org/papers/10.21105/joss.00765},
}

@Article{phyloseq2013,
  author = {Paul J. McMurdie and Susan Holmes},
  journal = {PLoS ONE},
  pages = {e61217},
  title = {phyloseq: An R package for reproducible interactive analysis and graphics of microbiome census data},
  volume = {8},
  number = {4},
  year = {2013},
  url = {http://dx.plos.org/10.1371/journal.pone.0061217},
}

@Book{plotly2020,
  author = {Carson Sievert},
  title = {Interactive Web-Based Data Visualization with R, plotly, and shiny},
  publisher = {Chapman and Hall/CRC},
  year = {2020},
  isbn = {9781138331457},
  url = {https://plotly-r.com},
}

@Article{plyr2011,
  title = {The Split-Apply-Combine Strategy for Data Analysis},
  author = {Hadley Wickham},
  journal = {Journal of Statistical Software},
  year = {2011},
  volume = {40},
  number = {1},
  pages = {1--29},
  url = {https://www.jstatsoft.org/v40/i01/},
}

@Unpublished{qiime2R2018,
  author = {Jordan E Bisanz},
  title = {qiime2R: Importing QIIME2 artifacts and associated data into R sessions},
  year = {2018},
  url = {https://github.com/jbisanz/qiime2R},
  note = {v0.99},
}

@Article{Rcpp2011,
  title = {{Rcpp}: Seamless {R} and {C++} Integration},
  author = {Dirk Eddelbuettel and Romain Fran\c{c}ois},
  journal = {Journal of Statistical Software},
  year = {2011},
  volume = {40},
  number = {8},
  pages = {1--18},
  doi = {10.18637/jss.v040.i08},
}

@Book{Rcpp2013,
  title = {Seamless {R} and {C++} Integration with {Rcpp}},
  author = {Dirk Eddelbuettel},
  publisher = {Springer},
  address = {New York},
  year = {2013},
  note = {ISBN 978-1-4614-6867-7},
  doi = {10.1007/978-1-4614-6868-4},
}

@Article{Rcpp2018,
  title = {{Extending 	extit{R} with 	extit{C++}: A Brief Introduction to 	extit{Rcpp}}},
  author = {Dirk Eddelbuettel and James Joseph Balamuta},
  journal = {The American Statistician},
  year = {2018},
  volume = {72},
  number = {1},
  pages = {28-36},
  doi = {10.1080/00031305.2017.1375990},
}

@Article{reshape22007,
  title = {Reshaping Data with the {reshape} Package},
  author = {Hadley Wickham},
  journal = {Journal of Statistical Software},
  year = {2007},
  volume = {21},
  number = {12},
  pages = {1--20},
  url = {http://www.jstatsoft.org/v21/i12/},
}

@Book{rmarkdown2018,
  title = {R Markdown: The Definitive Guide},
  author = {Yihui Xie and J.J. Allaire and Garrett Grolemund},
  publisher = {Chapman and Hall/CRC},
  address = {Boca Raton, Florida},
  year = {2018},
  note = {ISBN 9781138359338},
  url = {https://bookdown.org/yihui/rmarkdown},
}

@Book{rmarkdown2020,
  title = {R Markdown Cookbook},
  author = {Yihui Xie and Christophe Dervieux and Emily Riederer},
  publisher = {Chapman and Hall/CRC},
  address = {Boca Raton, Florida},
  year = {2020},
  note = {ISBN 9780367563837},
  url = {https://bookdown.org/yihui/rmarkdown-cookbook},
}

@Article{Rtsne2008,
  title = {Visualizing High-Dimensional Data Using t-SNE},
  volume = {9},
  pages = {2579-2605},
  year = {2008},
  author = {L.J.P. {van der Maaten} and G.E. Hinton},
  journal = {Journal of Machine Learning Research},
}

@Article{Rtsne2014,
  title = {Accelerating t-SNE using Tree-Based Algorithms},
  volume = {15},
  pages = {3221-3245},
  year = {2014},
  author = {L.J.P. {van der Maaten}},
  journal = {Journal of Machine Learning Research},
}

@Article{sangeranalyseR2020,
  title = {sangeranalyseR: simple and interactive analysis of Sanger sequencing data in R},
  author = {Kuan-Hao Chao and Kirston Barton and Sarah Palmer and Robert Lanfear},
  year = {2020},
  journal = {bioRxiv},
  doi = {10.1101/2020.05.18.102459},
}

@Article{sangerseqR2014,
  title = {Poly peak parser: Method and software for identification of unknown indels using sanger sequencing of polymerase chain reaction products},
  author = {Jonathon T Hill and Bradley L Demarest and Brent W Bisgrove and Yi-chu Su and Megan Smith and H. Joseph Yost},
  year = {2014},
  journal = {Developmental Dynamics},
  doi = {10.1002/dvdy.24183.},
}

@InCollection{seqinr2007,
  author = {D. Charif and J.R. Lobry},
  title = {Seqin{R} 1.0-2: a contributed package to the {R} project for statistical computing devoted to biological sequences retrieval and analysis.},
  booktitle = {Structural approaches to sequence evolution: Molecules, networks, populations},
  year = {2007},
  editor = {U. Bastolla and M. Porto and H.E. Roman and M. Vendruscolo},
  series = {Biological and Medical Physics, Biomedical Engineering},
  pages = {207-232},
  address = {New York},
  publisher = {Springer Verlag},
  note = {{ISBN :} 978-3-540-35305-8},
}

@Article{tidyverse2019,
  title = {Welcome to the {tidyverse}},
  author = {Hadley Wickham and Mara Averick and Jennifer Bryan and Winston Chang and Lucy D'Agostino McGowan and Romain François and Garrett Grolemund and Alex Hayes and Lionel Henry and Jim Hester and Max Kuhn and Thomas Lin Pedersen and Evan Miller and Stephan Milton Bache and Kirill Müller and Jeroen Ooms and David Robinson and Dana Paige Seidel and Vitalie Spinu and Kohske Takahashi and Davis Vaughan and Claus Wilke and Kara Woo and Hiroaki Yutani},
  year = {2019},
  journal = {Journal of Open Source Software},
  volume = {4},
  number = {43},
  pages = {1686},
  doi = {10.21105/joss.01686},
}

